@article{Thompson_01,
  author={Thompson, A.P. and Swiler, L.P. and Trott, C.R. and Foiles, S.M. and Tucker, G.J.},
  title={Spectral neighbor analysis method for automated generation of quantum-accurate interatomic potentials},
  year={2014},
  journal={Journal of Computational Physics}
}

@phdthesis{Bartok_01,
  author={Bartok-Partay, A.},
  title={Gaussian Approximation Potential: an interatomic potential derived from first principles Quantum Mechanics},
  year={2010},
  school={University of Cambridge}
}

@article{Caola_01,
  author={Caola, M.J.},
  title={A simple short derivation of the Clebsch-Gordan coefficients},
  year={2009},
  journal={Latin-American Journal of Physics Education}
}

@misc{MW,
  title = {Wolfram MathWorld},
  howpublished = {\url{http://mathworld.wolfram.com}},
}
