@article{afshar_2013,
  title = "Exploiting seeding of random number generators for efficient domain decomposition parallelization of dissipative particle dynamics",
  journal = "Comput. Phys. Commun.",
  volume = "184",
  number = "4",
  pages = "1119 - 1128",
  year = "2013",
  issn = "0010-4655",
  doi = "http://dx.doi.org/10.1016/j.cpc.2012.12.003",
  url = "http://www.sciencedirect.com/science/article/pii/S0010465512003992",
  author = "Y. Afshar and F. Schmid and A. Pishevar and S. Worley",
}

@article{avalos_1997,
  author={J. Bonet Avalos and A. D. Mackie},
  title={Dissipative particle dynamics with energy conservation},
  journal={Europhys. Lett.},
  volume={40},
  number={2},
  pages={141},
  url={http://stacks.iop.org/0295-5075/40/i=2/a=141},
  year={1997},
}

@article{bian_2012,
  author = "Bian, X. and Litvinov, S. and Qian, R. and Ellero, M. and Adams, N. A.",
  title = "Multiscale modeling of particle in suspension with smoothed dissipative particle dynamics",
  journal = "Phys. Fluids",
  year = "2012",
  volume = "24",
  number = "1",
  pages = "012002",
  url = "http://scitation.aip.org/content/aip/journal/pof2/24/1/10.1063/1.3676244",
}

@phdthesis{cieren_phd,
  TITLE = {{Molecular Dynamics for Exascale Supercomputers}},
  AUTHOR = {Cieren, E.},
  URL = {https://tel.archives-ouvertes.fr/tel-01249604},
  NUMBER = {2015BORD0174},
  SCHOOL = {{Universit{\'e} de Bordeaux}},
  YEAR = {2015},
  PDF = {https://tel.archives-ouvertes.fr/tel-01249604/file/CIEREN_EMMANUEL_2015.pdf},
}

@article{espanol_1995,
  author={P. Español and P. Warren},
  title={Statistical Mechanics of Dissipative Particle Dynamics},
  journal={Europhys. Lett.},
  volume={30},
  number={4},
  pages={191},
  url={http://stacks.iop.org/0295-5075/30/i=4/a=001},
  year={1995},
}

@article{espanol_1997,
  author={P. Español},
  title={Dissipative particle dynamics with energy conservation},
  journal={Europhys. Lett.},
  volume={40},
  number={6},
  pages={631},
  url={http://stacks.iop.org/0295-5075/40/i=6/a=631},
  year={1997},
}

@article{espanol_2003,
  title = {Smoothed dissipative particle dynamics},
  author = {Espa\~nol, P. and Revenga, M.},
  journal = {Phys. Rev. E},
  volume = {67},
  issue = {2},
  pages = {026705},
  numpages = {12},
  year = {2003},
  publisher = {American Physical Society},
  url = {http://link.aps.org/doi/10.1103/PhysRevE.67.026705}
}

@article{faure_2016,
  title = {Size consistency in smoothed dissipative particle dynamics},
  author = {Faure, G. and Maillet, J.-B. and Roussel, J. and Stoltz, G.},
  journal = {Phys. Rev. E},
  volume = {94},
  issue = {4},
  pages = {043305},
  numpages = {20},
  year = {2016},
  doi = {10.1103/PhysRevE.94.043305},
  url = {http://link.aps.org/doi/10.1103/PhysRevE.94.043305}
}

@article{faure_2018,
  author={G. Faure and J.-B. Maillet},
  title={Simulation of detonation waves with smoothed dissipative particle dynamics},
  journal={Submitted to Phys. Rev. E},
  url={https://arxiv.org/abs/1709.03890},
}

@article{heuze_2012,
  title = "General form of the Mie-Grüneisen equation of state ",
  journal = "CR Mecanique ",
  volume = "340",
  number = "10",
  pages = "679 - 687",
  year = "2012",
  issn = "1631-0721",
  doi = "http://dx.doi.org/10.1016/j.crme.2012.10.044",
  url = "http://www.sciencedirect.com/science/article/pii/S1631072112002082",
  author = "O. Heuzé",
}

@article{homman_2016,
  author = "Homman, A.-A. and Maillet, J.-B. and Roussel, J. and Stoltz, G.",
  title = "New parallelizable schemes for integrating the Dissipative Particle Dynamics with Energy conservation",
  journal = "J. Chem. Phys.",
  year = "2016",
  volume = "144",
  number = "2", 
  pages = 024112,
  url = "http://scitation.aip.org/content/aip/journal/jcp/144/2/10.1063/1.4937797",
}

@article{hoogerbrugge_1992,
  author={P. J. Hoogerbrugge and J. M. V. A. Koelman},
  title={Simulating Microscopic Hydrodynamic Phenomena with Dissipative Particle Dynamics},
  journal={Europhys. Lett.},
  volume={19},
  number={3},
  pages={155},
  url={http://stacks.iop.org/0295-5075/19/i=3/a=001},
  year={1992},
}

@article{lucy_1977,
  author = {{Lucy}, L.~B.},
  title = "{A numerical approach to the testing of the fission hypothesis}",
  journal = {Astron. J.},
  year = 1977,
  volume = 82,
  pages = {1013-1024},
  url = {http://adsabs.harvard.edu/abs/1977AJ.....82.1013L},
}

@article{monaghan_1977,
  author = {{Gingold}, R.~A. and {Monaghan}, J.~J.},
  title = "{Smoothed particle hydrodynamics - Theory and application to non-spherical stars}",
  journal = {Mon. Not. R. Astron. Soc.},
  year = 1977,
  volume = 181,
  pages = {375-389},
  url = {https://academic.oup.com/mnras/article-lookup/doi/10.1093/mnras/181.3.375},
}
