@ARTICLE{Soulard2008,
  title   = "{Molecular Dynamics Study of the Micro-spallation}",
  author  = "{Soulard, L.}",
  journal = "{Eur. Phys. J. D}",
  volume  = "{50}",
  number  = "{3}",
  year    = "{2008}"
}

